<?xml version="1.0" encoding="UTF-8"?><collection xmlns="http://www.loc.gov/MARC21/slim"><record><leader>00395nam--2200133-i-4500</leader><controlfield tag="001">000008241</controlfield><controlfield tag="002">20161230</controlfield><controlfield tag="005">20161230201027</controlfield><controlfield tag="008">060222s1000------------r-----000-0-eng-d</controlfield><datafield ind1=" " ind2=" " tag="100"><subfield code="a">Abrahams, J.R</subfield></datafield><datafield ind1=" " ind2=" " tag="245"><subfield code="a">Pridham, g.j</subfield></datafield><datafield ind1=" " ind2=" " tag="260"><subfield code="a">Semiconductor Circuits : Theory, Design And Experiment</subfield></datafield><datafield ind1=" " ind2=" " tag="490"><subfield code="a">The Commonwealth And International Library. Electrical Engineering Division</subfield></datafield><datafield ind1=" " ind2=" " tag="852"><subfield code="a">621.382</subfield></datafield></record></collection>